<record><leader>00000cas a22000007a 4500</leader><controlfield tag="001">30899702</controlfield><controlfield tag="008">940808d188u188unyuwr ne      0    0eng d</controlfield><datafield ind1=" " ind2=" " tag="010"><subfield code="a">sn 94057836 </subfield></datafield><datafield ind1=" " ind2=" " tag="040"><subfield code="a">NYG</subfield><subfield code="b">eng</subfield><subfield code="c">NYG</subfield><subfield code="d">OCLCQ</subfield></datafield><datafield ind1=" " ind2=" " tag="042"><subfield code="a">msc</subfield></datafield><datafield ind1="0" ind2=" " tag="130"><subfield code="a">Afton enterprise (Afton, N.Y. : 1881)</subfield></datafield><datafield ind1="1" ind2="4" tag="245"><subfield code="a">The Afton enterprise.</subfield></datafield><datafield ind1=" " ind2=" " tag="260"><subfield code="a">Afton, Chenango Co., N.Y. :</subfield><subfield code="b">N.E. Barton</subfield></datafield><datafield ind1=" " ind2=" " tag="300"><subfield code="a">v.</subfield></datafield><datafield ind1=" " ind2=" " tag="310"><subfield code="a">Weekly</subfield></datafield><datafield ind1=" " ind2=" " tag="588"><subfield code="a">Description based on: Vol. 2, no. 9 (Dec. 15, 1881).</subfield></datafield><datafield ind1=" " ind2="4" tag="651"><subfield code="a">Afton (N.Y.)</subfield><subfield code="v">Newspapers.</subfield></datafield><datafield ind1=" " ind2=" " tag="752"><subfield code="a">United States</subfield><subfield code="b">New York</subfield><subfield code="c">Chenango</subfield><subfield code="d">Afton.</subfield></datafield><datafield ind1="0" ind2="0" tag="785"><subfield code="t">Afton weekly enterprise</subfield><subfield code="w">(DLC)sn 90066537</subfield><subfield code="w">(OCoLC)22526978</subfield></datafield><datafield ind1="1" ind2=" " tag="029"><subfield code="a">AU@</subfield><subfield code="b">000025907133</subfield></datafield></record>